@Book{xie2015,
  title = {Dynamic Documents with {R} and knitr},
  author = {Yihui Xie},
  publisher = {Chapman and Hall/CRC},
  address = {Boca Raton, Florida},
  year = {2015},
  edition = {2nd},
  note = {ISBN 978-1498716963},
  url = {http://yihui.name/knitr/},
}

@techreport{UNODC2015,
address = {Viena},
author = {UNODC},
file = {:C\:/Users/adrian/OneDrive/Documentos/OVV/Documentos/reporte-anual/2021/reporte semestral/bibliografia/Clasificacion-internacional-de-delitos-con-fines-estadisticos.pdf:pdf},
institution = {Oficina de las Naciones Unidas Contra La Droga y el Delito},
mendeley-groups = {OVV},
pages = {148},
title = {{Clasificaci{\'{o}}n internacional de delitos con fines estid{\'{i}}sticos}},
url = {https://www.unodc.org/documents/data-and-analysis/statistics/crime/ICCS/ICCS_SPANISH_2016_web.pdf},
year = {2015}
}

